<?xml version="1.0" encoding="UTF-8"?>
  <record xmlns="http://www.loc.gov/MARC21/slim" type="Authority">
    <leader>00000nz  a2200000nc 4500</leader>
    <controlfield tag="001">118647377</controlfield>
    <controlfield tag="003">DE-101</controlfield>
    <controlfield tag="005">20220311162724.0</controlfield>
    <controlfield tag="008">880701n||azznnaabn           | aaa    |c</controlfield>
    <datafield tag="024" ind1="7" ind2=" ">
      <subfield code="a">118647377</subfield>
      <subfield code="0">http://d-nb.info/gnd/118647377</subfield>
      <subfield code="2">gnd</subfield>
    </datafield>
    <datafield tag="035" ind1=" " ind2=" ">
      <subfield code="a">(DE-101)118647377</subfield>
    </datafield>
    <datafield tag="035" ind1=" " ind2=" ">
      <subfield code="a">(DE-588)118647377</subfield>
    </datafield>
    <datafield tag="035" ind1=" " ind2=" ">
      <subfield code="z">(DE-588a)118647377</subfield>
      <subfield code="9">v:zg</subfield>
    </datafield>
    <datafield tag="035" ind1=" " ind2=" ">
      <subfield code="z">(DE-588a)124553540</subfield>
    </datafield>
    <datafield tag="035" ind1=" " ind2=" ">
      <subfield code="z">(DE-588c)4084801-2</subfield>
      <subfield code="9">v:zg</subfield>
    </datafield>
    <datafield tag="040" ind1=" " ind2=" ">
      <subfield code="a">DE-101</subfield>
      <subfield code="c">DE-101</subfield>
      <subfield code="9">r:DE-101</subfield>
      <subfield code="b">ger</subfield>
      <subfield code="d">9999</subfield>
      <subfield code="e">rda</subfield>
    </datafield>
    <datafield tag="042" ind1=" " ind2=" ">
      <subfield code="a">gnd1</subfield>
    </datafield>
    <datafield tag="043" ind1=" " ind2=" ">
      <subfield code="c">XA-DE</subfield>
    </datafield>
    <datafield tag="065" ind1=" " ind2=" ">
      <subfield code="a">4.7p</subfield>
      <subfield code="2">sswd</subfield>
    </datafield>
    <datafield tag="065" ind1=" " ind2=" ">
      <subfield code="a">5.7p</subfield>
      <subfield code="2">sswd</subfield>
    </datafield>
    <datafield tag="075" ind1=" " ind2=" ">
      <subfield code="b">p</subfield>
      <subfield code="2">gndgen</subfield>
    </datafield>
    <datafield tag="075" ind1=" " ind2=" ">
      <subfield code="b">piz</subfield>
      <subfield code="2">gndspec</subfield>
    </datafield>
    <datafield tag="079" ind1=" " ind2=" ">
      <subfield code="a">g</subfield>
      <subfield code="q">a</subfield>
      <subfield code="q">f</subfield>
      <subfield code="q">s</subfield>
      <subfield code="q">z</subfield>
      <subfield code="u">v</subfield>
      <subfield code="u">w</subfield>
      <subfield code="u">k</subfield>
      <subfield code="u">o</subfield>
    </datafield>
    <datafield tag="100" ind1="1" ind2=" ">
      <subfield code="a">Agrippa von Nettesheim, Heinrich Cornelius</subfield>
      <subfield code="d">1486-1535</subfield>
    </datafield>
    <datafield tag="375" ind1=" " ind2=" ">
      <subfield code="a">1</subfield>
      <subfield code="2">iso5218</subfield>
    </datafield>
    <datafield tag="400" ind1="0" ind2=" ">
      <subfield code="a">Agrippa</subfield>
      <subfield code="c">ab Nettesheim</subfield>
      <subfield code="d">1486-1535</subfield>
    </datafield>
    <datafield tag="400" ind1="1" ind2=" ">
      <subfield code="a">Agripa von Neteschajm, Chenrich Kornelij</subfield>
      <subfield code="d">1486-1535</subfield>
    </datafield>
    <datafield tag="400" ind1="1" ind2=" ">
      <subfield code="a">Agrippa, Heinrich Cornelius</subfield>
      <subfield code="d">1486-1535</subfield>
      <subfield code="9">v:(VD-16)</subfield>
    </datafield>
    <datafield tag="400" ind1="1" ind2=" ">
      <subfield code="a">Nettesheym, Henricus Cornelius &#152;ab&#156;</subfield>
      <subfield code="d">1486-1535</subfield>
    </datafield>
    <datafield tag="400" ind1="1" ind2=" ">
      <subfield code="a">Nettesheim, Agrippa &#152;von&#156;</subfield>
      <subfield code="d">1486-1535</subfield>
    </datafield>
    <datafield tag="400" ind1="1" ind2=" ">
      <subfield code="a">Agrippa, Hainricus Cornelius</subfield>
      <subfield code="d">1486-1535</subfield>
    </datafield>
    <datafield tag="400" ind1="1" ind2=" ">
      <subfield code="a">Agrippa, Henricus Cornelius</subfield>
      <subfield code="d">1486-1535</subfield>
    </datafield>
    <datafield tag="400" ind1="1" ind2=" ">
      <subfield code="a">Nettesheim, Henricus Cornelius &#152;ab&#156;</subfield>
      <subfield code="d">1486-1535</subfield>
    </datafield>
    <datafield tag="400" ind1="1" ind2=" ">
      <subfield code="a">Agrippa von Nettesheim, Henricus Cornelius</subfield>
      <subfield code="d">1486-1535</subfield>
    </datafield>
    <datafield tag="400" ind1="0" ind2=" ">
      <subfield code="a">Cornelius</subfield>
      <subfield code="c">Agrippa</subfield>
      <subfield code="d">1486-1535</subfield>
    </datafield>
    <datafield tag="400" ind1="1" ind2=" ">
      <subfield code="a">Agrippa, Heinrich Kornelius</subfield>
      <subfield code="d">1486-1535</subfield>
    </datafield>
    <datafield tag="400" ind1="1" ind2=" ">
      <subfield code="a">Nettesheim, Heinrich Cornelius Agrippa &#152;von&#156;</subfield>
      <subfield code="d">1486-1535</subfield>
    </datafield>
    <datafield tag="400" ind1="1" ind2=" ">
      <subfield code="a">Agrippa von Nettesheim, H. Cornelius</subfield>
      <subfield code="d">1486-1535</subfield>
    </datafield>
    <datafield tag="400" ind1="1" ind2=" ">
      <subfield code="a">Agrippa, Enrique Cornelio</subfield>
      <subfield code="d">1486-1535</subfield>
    </datafield>
    <datafield tag="400" ind1="1" ind2=" ">
      <subfield code="a">Agrippa von Nettesheym, Heinrich Cornelius</subfield>
      <subfield code="d">1486-1535</subfield>
    </datafield>
    <datafield tag="400" ind1="1" ind2=" ">
      <subfield code="a">Nettesheim, Heinrich Agrippa</subfield>
      <subfield code="d">1486-1535</subfield>
    </datafield>
    <datafield tag="400" ind1="1" ind2=" ">
      <subfield code="a">Corneille, Henry</subfield>
      <subfield code="d">1486-1535</subfield>
    </datafield>
    <datafield tag="400" ind1="1" ind2=" ">
      <subfield code="a">Agrippa von Nettesheim, Heinrich Cornelis</subfield>
      <subfield code="d">1486-1535</subfield>
    </datafield>
    <datafield tag="400" ind1="1" ind2=" ">
      <subfield code="a">Agrippa di Nettesheim, Cornelio</subfield>
      <subfield code="d">1486-1535</subfield>
    </datafield>
    <datafield tag="400" ind1="1" ind2=" ">
      <subfield code="a">Nettesheim, Cornelio Agrippa &#152;di&#156;</subfield>
      <subfield code="d">1486-1535</subfield>
    </datafield>
    <datafield tag="400" ind1="1" ind2=" ">
      <subfield code="a">Agrippa, Henry Corneille</subfield>
      <subfield code="d">1486-1535</subfield>
    </datafield>
    <datafield tag="400" ind1="1" ind2=" ">
      <subfield code="a">Corneille, Henri</subfield>
      <subfield code="d">1486-1535</subfield>
    </datafield>
    <datafield tag="400" ind1="1" ind2=" ">
      <subfield code="a">Agrippa, Henrich</subfield>
      <subfield code="d">1486-1535</subfield>
    </datafield>
    <datafield tag="400" ind1="1" ind2=" ">
      <subfield code="a">Agrippa, Henry Cornelius</subfield>
      <subfield code="d">1486-1535</subfield>
    </datafield>
    <datafield tag="400" ind1="1" ind2=" ">
      <subfield code="a">Agrippa, Arrigo Cornelio</subfield>
      <subfield code="d">1486-1535</subfield>
    </datafield>
    <datafield tag="400" ind1="1" ind2=" ">
      <subfield code="a">Agrippa von Nettesheim, Heinrich C.</subfield>
      <subfield code="d">1486-1535</subfield>
    </datafield>
    <datafield tag="400" ind1="1" ind2=" ">
      <subfield code="a">Agrippa, Heinrich C.</subfield>
      <subfield code="d">1486-1535</subfield>
    </datafield>
    <datafield tag="400" ind1="1" ind2=" ">
      <subfield code="a">Nettesheim, Heinrich C. &#152;von&#156;</subfield>
      <subfield code="d">1486-1535</subfield>
    </datafield>
    <datafield tag="400" ind1="1" ind2=" ">
      <subfield code="a">Agrippa, Henri C. &#152;de&#156;</subfield>
      <subfield code="d">1486-1535</subfield>
    </datafield>
    <datafield tag="400" ind1="1" ind2=" ">
      <subfield code="a">Agrippa ab Nettesheym, Henricus C.</subfield>
      <subfield code="d">1486-1535</subfield>
    </datafield>
    <datafield tag="400" ind1="1" ind2=" ">
      <subfield code="a">Nettesheym, Henricus C. &#152;ab&#156;</subfield>
      <subfield code="d">1486-1535</subfield>
    </datafield>
    <datafield tag="400" ind1="1" ind2=" ">
      <subfield code="a">Agrippa de Nettesheim, Henri C.</subfield>
      <subfield code="d">1486-1535</subfield>
    </datafield>
    <datafield tag="400" ind1="1" ind2=" ">
      <subfield code="a">Agrippa, Hainricus C.</subfield>
      <subfield code="d">1486-1535</subfield>
    </datafield>
    <datafield tag="400" ind1="1" ind2=" ">
      <subfield code="a">Agrippa von Nettesheim, Henricus C.</subfield>
      <subfield code="d">1486-1535</subfield>
    </datafield>
    <datafield tag="400" ind1="1" ind2=" ">
      <subfield code="a">Agrippa ab Nettesheim, Henricus C.</subfield>
      <subfield code="d">1486-1535</subfield>
    </datafield>
    <datafield tag="400" ind1="1" ind2=" ">
      <subfield code="a">Agrippa, Heinricus C.</subfield>
      <subfield code="d">1486-1535</subfield>
    </datafield>
    <datafield tag="400" ind1="1" ind2=" ">
      <subfield code="a">Agrippa ab Netthesheym, Henricus C.</subfield>
      <subfield code="d">1486-1535</subfield>
    </datafield>
    <datafield tag="400" ind1="1" ind2=" ">
      <subfield code="a">Agrippa, Heinrich K.</subfield>
      <subfield code="c">von Nettesheim</subfield>
      <subfield code="d">1486-1535</subfield>
    </datafield>
    <datafield tag="400" ind1="1" ind2=" ">
      <subfield code="a">Agrippa van Nettenheym, Henrik Korneelis</subfield>
      <subfield code="d">1486-1535</subfield>
    </datafield>
    <datafield tag="400" ind1="1" ind2=" ">
      <subfield code="a">Agrippa, Kornelius</subfield>
      <subfield code="d">1486-1535</subfield>
    </datafield>
    <datafield tag="400" ind1="1" ind2=" ">
      <subfield code="a">Agrippa, Henri C.</subfield>
      <subfield code="d">1486-1535</subfield>
    </datafield>
    <datafield tag="400" ind1="1" ind2=" ">
      <subfield code="a">Agrippa ab Nettesheym, Henrichus Cornelius</subfield>
      <subfield code="d">1486-1535</subfield>
    </datafield>
    <datafield tag="400" ind1="1" ind2=" ">
      <subfield code="a">Agrippa vonNettesheym, Heinrich Cornelius</subfield>
      <subfield code="d">1486-1535</subfield>
    </datafield>
    <datafield tag="400" ind1="0" ind2=" ">
      <subfield code="a">Agrippa von Nettesheim</subfield>
      <subfield code="d">1486-1535</subfield>
    </datafield>
    <datafield tag="400" ind1="1" ind2=" ">
      <subfield code="a">Agrippa van Nettenheym, Henrik Kornelis</subfield>
      <subfield code="d">1486-1535</subfield>
    </datafield>
    <datafield tag="400" ind1="1" ind2=" ">
      <subfield code="a">Agrippa von Nettesheim, Heinrich Kornelius</subfield>
      <subfield code="d">1486-1535</subfield>
    </datafield>
    <datafield tag="400" ind1="1" ind2=" ">
      <subfield code="a">Nettesheym, Henricus Cornelius Agrippa &#152;ab&#156;</subfield>
      <subfield code="d">1486-1535</subfield>
    </datafield>
    <datafield tag="400" ind1="0" ind2=" ">
      <subfield code="a">Heinrich Cornelius</subfield>
      <subfield code="c">Agrippa von Nettesheim</subfield>
      <subfield code="d">1486-1535</subfield>
    </datafield>
    <datafield tag="400" ind1="1" ind2=" ">
      <subfield code="a">Nettesheim, Heinrich Cornelius &#152;von&#156;</subfield>
      <subfield code="d">1486-1535</subfield>
    </datafield>
    <datafield tag="400" ind1="0" ind2=" ">
      <subfield code="a">Henricus Cornelius</subfield>
      <subfield code="c">Agrippa</subfield>
      <subfield code="d">1486-1535</subfield>
    </datafield>
    <datafield tag="400" ind1="0" ind2=" ">
      <subfield code="a">Agrippa</subfield>
      <subfield code="c">von Nettesheim</subfield>
      <subfield code="d">1486-1535</subfield>
    </datafield>
    <datafield tag="400" ind1="1" ind2=" ">
      <subfield code="a">Agrippa, Cornelius</subfield>
      <subfield code="d">1486-1535</subfield>
    </datafield>
    <datafield tag="400" ind1="1" ind2=" ">
      <subfield code="a">Agrippa ab Nettesheym, Henricus Cornelius</subfield>
      <subfield code="d">1486-1535</subfield>
    </datafield>
    <datafield tag="400" ind1="1" ind2=" ">
      <subfield code="a">Nettesheym, Henricus Cornelius</subfield>
      <subfield code="d">1486-1535</subfield>
    </datafield>
    <datafield tag="400" ind1="1" ind2=" ">
      <subfield code="a">Agrippa ab Nettesheim, Henricus Cornelius</subfield>
      <subfield code="d">1486-1535</subfield>
    </datafield>
    <datafield tag="400" ind1="1" ind2=" ">
      <subfield code="a">Cornelius, Heinrich</subfield>
      <subfield code="d">1486-1535</subfield>
    </datafield>
    <datafield tag="400" ind1="1" ind2=" ">
      <subfield code="a">Agrippa de Nettesheim, Henri Corneille</subfield>
      <subfield code="d">1486-1535</subfield>
    </datafield>
    <datafield tag="400" ind1="1" ind2=" ">
      <subfield code="a">Agrippa, Henri Corneille</subfield>
      <subfield code="d">1486-1535</subfield>
    </datafield>
    <datafield tag="400" ind1="1" ind2=" ">
      <subfield code="a">Agryppa, Henryk Korneliusz</subfield>
      <subfield code="d">1486-1535</subfield>
    </datafield>
    <datafield tag="400" ind1="1" ind2=" ">
      <subfield code="a">Cornelius, Henricus</subfield>
      <subfield code="d">1486-1535</subfield>
    </datafield>
    <datafield tag="400" ind1="1" ind2=" ">
      <subfield code="a">Agrippa, Enrico Cornelio</subfield>
      <subfield code="d">1486-1535</subfield>
    </datafield>
    <datafield tag="400" ind1="0" ind2=" ">
      <subfield code="a">Agrippa</subfield>
      <subfield code="d">1486-1535</subfield>
    </datafield>
    <datafield tag="400" ind1="1" ind2=" ">
      <subfield code="a">Cornelis, Heinrich</subfield>
      <subfield code="d">1486-1535</subfield>
    </datafield>
    <datafield tag="400" ind1="1" ind2=" ">
      <subfield code="a">Agryppa ab Nettesehim, Henryk Korneliusz</subfield>
      <subfield code="d">1486-1535</subfield>
    </datafield>
    <datafield tag="400" ind1="1" ind2=" ">
      <subfield code="a">Agrippa, Henryk Korneliusz</subfield>
      <subfield code="d">1486-1535</subfield>
    </datafield>
    <datafield tag="400" ind1="1" ind2=" ">
      <subfield code="a">Nettesheim, Cornelius Agrippa ab</subfield>
      <subfield code="d">1486-1535</subfield>
    </datafield>
    <datafield tag="400" ind1="1" ind2=" ">
      <subfield code="a">Von Nettesheim, Heinrich Cornelius</subfield>
      <subfield code="d">1486-1535</subfield>
    </datafield>
    <datafield tag="400" ind1="1" ind2=" ">
      <subfield code="a">Corneille-Agrippa, Henri</subfield>
      <subfield code="d">1486-1535</subfield>
    </datafield>
    <datafield tag="500" ind1="1" ind2=" ">
      <subfield code="0">(DE-101)119602504</subfield>
      <subfield code="0">(DE-588)119602504</subfield>
      <subfield code="0">https://d-nb.info/gnd/119602504</subfield>
      <subfield code="a">Agrippina, Heinrich Cornelius</subfield>
      <subfield code="4">beza</subfield>
      <subfield code="4">https://d-nb.info/standards/elementset/gnd#acquaintanceshipOrFriendship</subfield>
      <subfield code="w">r</subfield>
      <subfield code="i">Bekanntschaft</subfield>
      <subfield code="e">Bekanntschaft</subfield>
      <subfield code="9">v:VD-16 Mitverf.</subfield>
    </datafield>
    <datafield tag="500" ind1="1" ind2=" ">
      <subfield code="0">(DE-101)11851217X</subfield>
      <subfield code="0">(DE-588)11851217X</subfield>
      <subfield code="0">https://d-nb.info/gnd/11851217X</subfield>
      <subfield code="a">Boccaccio, Giovanni</subfield>
      <subfield code="d">1313-1375</subfield>
      <subfield code="4">beza</subfield>
      <subfield code="4">https://d-nb.info/standards/elementset/gnd#acquaintanceshipOrFriendship</subfield>
      <subfield code="w">r</subfield>
      <subfield code="i">Bekanntschaft</subfield>
      <subfield code="e">Bekanntschaft</subfield>
      <subfield code="9">v:VD-16 Mitverf.</subfield>
    </datafield>
    <datafield tag="500" ind1="1" ind2=" ">
      <subfield code="0">(DE-101)118516221</subfield>
      <subfield code="0">(DE-588)118516221</subfield>
      <subfield code="0">https://d-nb.info/gnd/118516221</subfield>
      <subfield code="a">Bruno, Giordano</subfield>
      <subfield code="d">1548-1600</subfield>
      <subfield code="4">beza</subfield>
      <subfield code="4">https://d-nb.info/standards/elementset/gnd#acquaintanceshipOrFriendship</subfield>
      <subfield code="w">r</subfield>
      <subfield code="i">Bekanntschaft</subfield>
      <subfield code="e">Bekanntschaft</subfield>
      <subfield code="9">v:VD-16 Mitverf.</subfield>
    </datafield>
    <datafield tag="500" ind1="1" ind2=" ">
      <subfield code="a">Böschenstein, Johannes</subfield>
      <subfield code="4">beza</subfield>
      <subfield code="4">https://d-nb.info/standards/elementset/gnd#acquaintanceshipOrFriendship</subfield>
      <subfield code="w">r</subfield>
      <subfield code="i">Bekanntschaft</subfield>
      <subfield code="e">Bekanntschaft</subfield>
      <subfield code="9">v:VD-16 Mitverf.</subfield>
    </datafield>
    <datafield tag="500" ind1="1" ind2=" ">
      <subfield code="0">(DE-101)118530666</subfield>
      <subfield code="0">(DE-588)118530666</subfield>
      <subfield code="0">https://d-nb.info/gnd/118530666</subfield>
      <subfield code="a">Erasmus, Desiderius</subfield>
      <subfield code="d">1466-1536</subfield>
      <subfield code="4">beza</subfield>
      <subfield code="4">https://d-nb.info/standards/elementset/gnd#acquaintanceshipOrFriendship</subfield>
      <subfield code="w">r</subfield>
      <subfield code="i">Bekanntschaft</subfield>
      <subfield code="e">Bekanntschaft</subfield>
      <subfield code="9">v:VD-16 Mitverf.</subfield>
    </datafield>
    <datafield tag="500" ind1="1" ind2=" ">
      <subfield code="0">(DE-101)119667290</subfield>
      <subfield code="0">(DE-588)119667290</subfield>
      <subfield code="0">https://d-nb.info/gnd/119667290</subfield>
      <subfield code="a">Faber, Theodor</subfield>
      <subfield code="4">beza</subfield>
      <subfield code="4">https://d-nb.info/standards/elementset/gnd#acquaintanceshipOrFriendship</subfield>
      <subfield code="w">r</subfield>
      <subfield code="i">Bekanntschaft</subfield>
      <subfield code="e">Bekanntschaft</subfield>
      <subfield code="9">v:VD-16 Mitverf.</subfield>
    </datafield>
    <datafield tag="500" ind1="1" ind2=" ">
      <subfield code="0">(DE-101)11853467X</subfield>
      <subfield code="0">(DE-588)11853467X</subfield>
      <subfield code="0">https://d-nb.info/gnd/11853467X</subfield>
      <subfield code="a">Franck, Sebastian</subfield>
      <subfield code="d">1499-1542</subfield>
      <subfield code="4">beza</subfield>
      <subfield code="4">https://d-nb.info/standards/elementset/gnd#acquaintanceshipOrFriendship</subfield>
      <subfield code="w">r</subfield>
      <subfield code="i">Bekanntschaft</subfield>
      <subfield code="e">Bekanntschaft</subfield>
      <subfield code="9">v:VD-16 Mitverf.</subfield>
    </datafield>
    <datafield tag="500" ind1="0" ind2=" ">
      <subfield code="a">Gerardus Toletanus</subfield>
      <subfield code="4">beza</subfield>
      <subfield code="4">https://d-nb.info/standards/elementset/gnd#acquaintanceshipOrFriendship</subfield>
      <subfield code="w">r</subfield>
      <subfield code="i">Bekanntschaft</subfield>
      <subfield code="e">Bekanntschaft</subfield>
      <subfield code="9">v:VD-16 Mitverf.</subfield>
    </datafield>
    <datafield tag="500" ind1="1" ind2=" ">
      <subfield code="a">Herold, Johannes</subfield>
      <subfield code="4">beza</subfield>
      <subfield code="4">https://d-nb.info/standards/elementset/gnd#acquaintanceshipOrFriendship</subfield>
      <subfield code="w">r</subfield>
      <subfield code="i">Bekanntschaft</subfield>
      <subfield code="e">Bekanntschaft</subfield>
      <subfield code="9">v:VD-16 Mitverf.</subfield>
    </datafield>
    <datafield tag="500" ind1="0" ind2=" ">
      <subfield code="0">(DE-101)11978534X</subfield>
      <subfield code="0">(DE-588)11978534X</subfield>
      <subfield code="0">https://d-nb.info/gnd/11978534X</subfield>
      <subfield code="a">Petrus</subfield>
      <subfield code="c">aus Abano</subfield>
      <subfield code="4">beza</subfield>
      <subfield code="4">https://d-nb.info/standards/elementset/gnd#acquaintanceshipOrFriendship</subfield>
      <subfield code="w">r</subfield>
      <subfield code="i">Bekanntschaft</subfield>
      <subfield code="e">Bekanntschaft</subfield>
      <subfield code="9">v:VD-16 Mitverf.</subfield>
    </datafield>
    <datafield tag="548" ind1=" " ind2=" ">
      <subfield code="a">1486-1535</subfield>
      <subfield code="4">datl</subfield>
      <subfield code="4">https://d-nb.info/standards/elementset/gnd#dateOfBirthAndDeath</subfield>
      <subfield code="w">r</subfield>
      <subfield code="i">Lebensdaten</subfield>
    </datafield>
    <datafield tag="548" ind1=" " ind2=" ">
      <subfield code="a">14.09.1486-18.02.1535</subfield>
      <subfield code="4">datx</subfield>
      <subfield code="4">https://d-nb.info/standards/elementset/gnd#dateOfBirthAndDeath</subfield>
      <subfield code="w">r</subfield>
      <subfield code="i">Exakte Lebensdaten</subfield>
    </datafield>
    <datafield tag="550" ind1=" " ind2=" ">
      <subfield code="0">(DE-101)953797732</subfield>
      <subfield code="0">(DE-588)4504156-8</subfield>
      <subfield code="0">https://d-nb.info/gnd/4504156-8</subfield>
      <subfield code="a">Polyhistor</subfield>
      <subfield code="4">berc</subfield>
      <subfield code="4">https://d-nb.info/standards/elementset/gnd#professionOrOccupation</subfield>
      <subfield code="w">r</subfield>
      <subfield code="i">Charakteristischer Beruf</subfield>
    </datafield>
    <datafield tag="550" ind1=" " ind2=" ">
      <subfield code="0">(DE-101)040031578</subfield>
      <subfield code="0">(DE-588)4003157-3</subfield>
      <subfield code="0">https://d-nb.info/gnd/4003157-3</subfield>
      <subfield code="a">Arzt</subfield>
      <subfield code="4">beru</subfield>
      <subfield code="4">https://d-nb.info/standards/elementset/gnd#professionOrOccupation</subfield>
      <subfield code="w">r</subfield>
      <subfield code="i">Beruf</subfield>
    </datafield>
    <datafield tag="550" ind1=" " ind2=" ">
      <subfield code="0">(DE-101)042126800</subfield>
      <subfield code="0">(DE-588)4212680-0</subfield>
      <subfield code="0">https://d-nb.info/gnd/4212680-0</subfield>
      <subfield code="a">Alchemist</subfield>
      <subfield code="4">beru</subfield>
      <subfield code="4">https://d-nb.info/standards/elementset/gnd#professionOrOccupation</subfield>
      <subfield code="w">r</subfield>
      <subfield code="i">Beruf</subfield>
    </datafield>
    <datafield tag="550" ind1=" " ind2=" ">
      <subfield code="0">(DE-101)947570586</subfield>
      <subfield code="0">(DE-588)4410211-2</subfield>
      <subfield code="0">https://d-nb.info/gnd/4410211-2</subfield>
      <subfield code="a">Naturphilosoph</subfield>
      <subfield code="4">beru</subfield>
      <subfield code="4">https://d-nb.info/standards/elementset/gnd#professionOrOccupation</subfield>
      <subfield code="w">r</subfield>
      <subfield code="i">Beruf</subfield>
    </datafield>
    <datafield tag="551" ind1=" " ind2=" ">
      <subfield code="0">(DE-101)040314839</subfield>
      <subfield code="0">(DE-588)4031483-2</subfield>
      <subfield code="0">https://d-nb.info/gnd/4031483-2</subfield>
      <subfield code="a">Köln</subfield>
      <subfield code="4">ortg</subfield>
      <subfield code="4">https://d-nb.info/standards/elementset/gnd#placeOfBirth</subfield>
      <subfield code="w">r</subfield>
      <subfield code="i">Geburtsort</subfield>
    </datafield>
    <datafield tag="551" ind1=" " ind2=" ">
      <subfield code="0">(DE-101)040219852</subfield>
      <subfield code="0">(DE-588)4021985-9</subfield>
      <subfield code="0">https://d-nb.info/gnd/4021985-9</subfield>
      <subfield code="a">Grenoble</subfield>
      <subfield code="4">orts</subfield>
      <subfield code="4">https://d-nb.info/standards/elementset/gnd#placeOfDeath</subfield>
      <subfield code="w">r</subfield>
      <subfield code="i">Sterbeort</subfield>
    </datafield>
    <datafield tag="667" ind1=" " ind2=" ">
      <subfield code="a">7</subfield>
    </datafield>
    <datafield tag="667" ind1=" " ind2=" ">
      <subfield code="a">12</subfield>
    </datafield>
    <datafield tag="667" ind1=" " ind2=" ">
      <subfield code="a">384</subfield>
    </datafield>
    <datafield tag="667" ind1=" " ind2=" ">
      <subfield code="a">VD-16</subfield>
    </datafield>
    <datafield tag="667" ind1=" " ind2=" ">
      <subfield code="a">VD-17</subfield>
    </datafield>
    <datafield tag="667" ind1=" " ind2=" ">
      <subfield code="a">Cornelis, Heinrich = Geburtsname</subfield>
      <subfield code="5">CH-ZuETHN</subfield>
    </datafield>
    <datafield tag="667" ind1=" " ind2=" ">
      <subfield code="a">Geburtsjahr evtl. 1487 (DNB)</subfield>
    </datafield>
    <datafield tag="667" ind1=" " ind2=" ">
      <subfield code="a">Quelle: DNB-Normdaten</subfield>
    </datafield>
    <datafield tag="670" ind1=" " ind2=" ">
      <subfield code="a">ndb</subfield>
      <subfield code="u">https://www.deutsche-biographie.de/gnd118647377.html#ndbcontent</subfield>
    </datafield>
    <datafield tag="670" ind1=" " ind2=" ">
      <subfield code="a">Wikipedia</subfield>
      <subfield code="u">https://de.wikipedia.org/wiki/Heinrich_Cornelius_Agrippa_von_Nettesheim</subfield>
    </datafield>
    <datafield tag="672" ind1=" " ind2="0">
      <subfield code="a">De incertitudine et vanitate scientiarum ..</subfield>
      <subfield code="f">1564</subfield>
    </datafield>
    <datafield tag="672" ind1=" " ind2="0">
      <subfield code="a">De incertitudine et vanitate omnium scientiarum ..</subfield>
      <subfield code="f">1622</subfield>
    </datafield>
    <datafield tag="672" ind1=" " ind2="0">
      <subfield code="a">De incertitudine et vanitate scientiarum declamatio ..</subfield>
      <subfield code="f">1544</subfield>
    </datafield>
    <datafield tag="672" ind1=" " ind2="0">
      <subfield code="a">De incertitudine et vanitate omnium scientiarum ..</subfield>
      <subfield code="f">1644</subfield>
    </datafield>
    <datafield tag="672" ind1=" " ind2="0">
      <subfield code="a">De nobilitate et praecellentia foeminei sexus</subfield>
      <subfield code="f">1532</subfield>
    </datafield>
    <datafield tag="672" ind1=" " ind2="0">
      <subfield code="a">De incertitudine et vanitate scientiarum declamatio *</subfield>
      <subfield code="f">1584 ca.</subfield>
    </datafield>
    <datafield tag="672" ind1=" " ind2="0">
      <subfield code="a">De occulta philosophia libri III</subfield>
      <subfield code="f">1550</subfield>
    </datafield>
    <datafield tag="672" ind1=" " ind2="0">
      <subfield code="a">Agrippa, Heinrich Cornelius: HENRICI CORNELII AGRIPPAE LIBER QVARTVS DE OCCVLTA PHIlosophia, seu de Cerimonijs ...  1559.  (VD16 A 1185)</subfield>
    </datafield>
    <datafield tag="672" ind1=" " ind2="0">
      <subfield code="a">Agrippa, Heinrich Cornelius: HENRICI CORNELII AGRIPPAE AB HETTESHEYM De incertitudine &amp; vanitate scientia\[rum] ...  1531.  (VD16 A 1152)</subfield>
    </datafield>
    <datafield tag="672" ind1=" " ind2="0">
      <subfield code="a">Agrippa, Heinrich Cornelius: HENRICI CORNELII AGRIPPAE AB NETTESHEYM A' CONSILIIS &amp; Archiuis Inditiarii sacrae ...  1533.  (VD16 ZV 15702)</subfield>
    </datafield>
    <datafield tag="672" ind1=" " ind2="0">
      <subfield code="a">Agrippa, Heinrich Cornelius: HENRICI CORNELII AGRIPPAE AB Nettesheym, De incertitudine &amp; vanitate scientiarum ...  1531.  (VD16 ZV 17148)</subfield>
    </datafield>
    <datafield tag="672" ind1=" " ind2="0">
      <subfield code="a">Agrippa, Heinrich Cornelius: De incertitudine et vanitate scientiarum declamatio invectica.  1536.  (VD16 ZV 271)</subfield>
    </datafield>
    <datafield tag="672" ind1=" " ind2="0">
      <subfield code="a">Agrippa, Heinrich Cornelius: De incertitudine et vanitate scientiarum declamatio invectiva,denuo ab auctore recognita &amp; ...  1552.  (VD16 A 1163)</subfield>
    </datafield>
    <datafield tag="672" ind1=" " ind2="0">
      <subfield code="a">Agrippa, Heinrich Cornelius: De occulta philosophia.  1533.  (VD16 ZV 269)</subfield>
    </datafield>
    <datafield tag="672" ind1=" " ind2="0">
      <subfield code="a">Agrippa, Heinrich Cornelius: CORNELIVS AGRIPPA. Vom Adel vnd Fuertreffen Veibliches geschlechts. ... [Übers.v.(Johan ...  1540.  (VD16 A 1178)</subfield>
    </datafield>
    <datafield tag="672" ind1=" " ind2="0">
      <subfield code="a">Agrippa, Heinrich Cornelius: LObe deß Esels durch Heinricum Cornelium Agrippam inn Latein Beschriben von Sebastian ...  1538.  (VD16 A 1172)</subfield>
    </datafield>
    <datafield tag="672" ind1=" " ind2="0">
      <subfield code="a">Franck, Sebastian: Von dem Holz des Lebens, was es sei, und warum es Adam verhalten ... sei worden.  1538.  (VD16 F 2139)</subfield>
    </datafield>
    <datafield tag="678" ind1=" " ind2=" ">
      <subfield code="b">Dt. Naturphilosoph, Okkultist, Theologe, Jurist, Alchimist, Astrologe und Arzt</subfield>
    </datafield>
    <datafield tag="913" ind1=" " ind2=" ">
      <subfield code="S">pnd</subfield>
      <subfield code="i">a</subfield>
      <subfield code="a">Agrippa von Nettesheim, Heinrich Cornelius</subfield>
      <subfield code="0">(DE-588a)118647377</subfield>
    </datafield>
  </record>
